@misc{garivier2008upperconfidence,
      title={On Upper-Confidence Bound Policies for Non-Stationary Bandit Problems}, 
      author={Aur√©lien Garivier and Eric Moulines},
      year={2008},
      eprint={0805.3415},
      archivePrefix={arXiv},
      primaryClass={math.ST}
}